    @webpage{shibbolethSpInstallation,
      key =          "shibbolethSpInstallation",
      author =       "Winma Heenatigala",
      title =        "Installation of Shibboleth SP in Ubuntu",
      howpublished = "online",
      year =         "2018",
      url =          "https://medium.com/@winma.15/shibboleth-sp-installation-in-ubuntu-d284b8d850da",
      cited =        "2022-10-11"
    }
    @webpage{shibbolethWikiSP,
      key =          "shibbolethWikiSP",
      author =       "shibboleth",
      title =        "Service Provider 3",
      howpublished = "online",
      year =         "2022-10-11",
      url =          "https://shibboleth.atlassian.net/wiki/spaces/SP3/overview",
      cited =        "2022-10-11"
    }
    
        @webpage{shibbolethWiki,
      key =          "shibbolethWiki",
      author =       "shibboleth",
      title =        "Service Provider 3",
      howpublished = "online",
      year =         "2022-10-11",
      url =          "https://shibboleth.atlassian.net/wiki/spaces/CONCEPT/overview",
      cited =        "2022-10-11"
    }
    
       @webpage{SAMLofficialSite,
      key =          "SAMLofficialSite",
      author =       "oasis-open",
      title =        "SAML V2.0 Standard",
      howpublished = "online",
      year =         "2022-10-11",
      url =          "https://wiki.oasis-open.org/security/FrontPage",
      cited =        "2022-10-11"
    }
    
         @webpage{WhatIsSaml,
      key =          "WhatIsSaml",
      author =       "webopedia",
      title =        "SAML (Security Assertion Markup Language)",
      howpublished = "online",
      year =         "2022-10-11",
      url =          "https://www.webopedia.com/definitions/saml/",
      cited =        "2022-10-11"
    }
    
         @webpage{AzureTutorial,
      key =          "AzureTutorial",
      author =       "commvault",
      title =        "Using Azure Active Directory as Your Identity Provider",
      howpublished = "online",
      year =         "2022-10-11",
      url =          "https://documentation.commvault.com/2022e/essential/95955_using_azure_active_directory_as_your_identity_provider.html",
      cited =        "2022-10-11"
    }
    
             @webpage{GSuiteTutorial,
      key =          "GSuiteTutorial",
      author =       "Abdul Waheed",
      title =        "Set up Shibboleth SP as a SAML 2.0 service provider with G Suite Provider",
      howpublished = "online",
      year =         "2022-10-11",
      url =          "http://www.waheedtechblog.com/2017/02/set-up-shibboleth-sp-as-saml-20-service.html",
      cited =        "2022-10-11"
    }
    
              @webpage{SSO,
      key =          "SSO",
      author =       "wikipedia",
      title =        "Single sign-on",
      howpublished = "online",
      year =         "2022-10-11",
      url =          "https://en.wikipedia.org/wiki/Single_sign-on",
      cited =        "2022-10-11"
    }
    
         @webpage{SAMLxOIDC,
      key =          "SAMLxOIDC",
      author =       "onelogin",
      title =        "What is the Real Difference Between SAML and OIDC
",
      howpublished = "online",
      year =         "2022-10-11",
      url =          "https://www.onelogin.com/blog/real-difference-saml-oidc",
      cited =        "2022-10-11"
    }
    
        @webpage{OIDC,
      key =          "OIDC",
      author =       "openid",
      title =        "Welcome to OpenID Connect",
      year =         "2022-10-11",
      url =          "https://openid.net/connect/",
      cited =        "2022-10-11"
    }
      
        @webpage{AddAttribute,
      key =          "AddAttribute",
      author =       "Rod Widdowson",
      title =        "AddAttribute",
      year =         "2021-12-08",
      url =          "https://shibboleth.atlassian.net/wiki/spaces/SP3/pages/2065335311/AddAttributer",
      cited =        "2022-10-11"
    }
          
        @webpage{MetadataProvider,
      key =          "MetadataProvider",
      author =       "Rod Widdowson",
      title =        "MetadataProvider",
      year =         "2021-01-21",
      url =          "https://shibboleth.atlassian.net/wiki/spaces/SP3/pages/2060616124/MetadataProvider",
      cited =        "2022-10-11"
    }
         
        @webpage{SPconfig,
      key =          "SPconfig",
      author =       "Rod Widdowson",
      title =        "MetadataProvider",
      year =         "2021-11-29",
      url =          "https://shibboleth.atlassian.net/wiki/spaces/SP3/pages/2063695920/Configuration",
      cited =        "2022-10-11"
    }
    
       
        @webpage{IdPDiscovery,
      key =          "IdPDiscovery",
      author =       "",
      title =        "IdPDiscovery",
      year =         "2021-02-07",
      url =          "https://shibboleth.atlassian.net/wiki/spaces/CONCEPT/pages/928645263/IdPDiscovery",
      cited =        "2022-10-11"
    }
    
        @webpage{SPApache,
      key =          "SPApache",
      author =       "Rod Widdowson",
      title =        "Apache",
      year =         "2021-24-07",
      url =          "https://shibboleth.atlassian.net/wiki/spaces/SP3/pages/2065335062/Apache",
      cited =        "2022-10-11"
    }
    
        @webpage{SPhtaccess,
      key =          "SPhtaccess",
      author =       "Rod Widdowson",
      title =        "htaccess",
      year =         "2021-11-24",
      url =          "https://shibboleth.atlassian.net/wiki/spaces/SP3/pages/2065335056/htaccess",
      cited =        "2022-10-11"
    }

            @webpage{Authorization,
      key =          "Authorization",
      author =       "Wikipedia",
      title =        "Authorization",
      year =         "",
      url =          "https://en.wikipedia.org/wiki/Authorization",
      cited =        "2022-10-11"
    }

           @webpage{Autentizace,
      key =          "Autentizace ",
      author =       "Wikipedie",
      title =        "Autentizace ",
      year =         "",
      url =          "https://cs.wikipedia.org/wiki/Autentizace",
      cited =        "2022-10-11"
    }

               @webpage{EDS-tut,
      key =          "EDS-tut",
      author =       "malavolti",
      title =        "HOWTO Install and Configure a Shibboleth Embedded Discovery Service ",
      year =         "2021-07-01",
      url =          "https://github.com/ConsortiumGARR/idem-tutorials/blob/master/idem-fedops/HOWTO-Shibboleth/Embedded%20Discovery%20Service/Ubuntu/HOWTO%20Install%20and%20Configure%20a%20Shibboleth%20Embedded%20Discovery%20Service.md#debianubuntu",
      cited =        "2022-10-11"
    }
             @webpage{OAUTHvSAMLvOIDC,
      key =          "OAUTHvSAMLvOIDC",
      author =       "gluu",
      title =        "OAuth vs. SAML vs. OpenID Connect",
      year =         "2021-05-06",
      url =          "https://gluu.org/oauth-vs-saml-vs-openid-connect/",
      cited =        "2022-10-11"
    }

           @webpage{  wiki2FA,
      key =          "wiki2FA",
      author =       "wikipedie",
      title =        "Vícefázové ověření",
      year =         "",
      url =          "https://cs.wikipedia.org/wiki/V%C3%ADcef%C3%A1zov%C3%A9_ov%C4%9B%C5%99en%C3%AD",
      cited =        "2022-10-11"
    }

       @webpage{  proxyA,
      key =          "proxyA",
      author =       "oracle",
      title =        "Proxy Authentication",
      year =         "",
      url =          "https://docs.oracle.com/cd/A97630_01/appdev.920/a96590/adgsec03.htm",
      cited =        "2022-10-11"
    }
    
       @webpage{  wikiEZproxy,
      key =          "wikiEZproxy",
      author =       "wikipedia",
      title =        "EZproxy",
      year =         "",
      url =          "https://en.wikipedia.org/wiki/EZproxy",
      cited =        "2022-10-11"
    }

       @webpage{  EZproxy,
      key =          "EZproxy",
      author =       "oclc",
      title =        "EZproxy",
      year =         "",
      url =          "https://www.oclc.org/en/ezproxy.html",
      cited =        "2022-10-11"
    }
         @webpage{  federatedIdentities,
      key =          "federatedIdentities",
      author =       "okta",
      title =        "What Is Federated Identity?",
      year =         "",
      url =          "https://www.okta.com/identity-101/what-is-federated-identity/",
      cited =        "2022-10-11"
    }

% -------------------------------------------- IP2 -------------------------------
      @webpage{  cms,
      key =          "cms",
      author =       "wikipedia",
      title =        "Systém pro správu obsahu",
      howpublished = "online",
      year =         "2023-25-05",
      url =          "https://cs.wikipedia.org/wiki/Syst%C3%A9m_pro_spr%C3%A1vu_obsahu",
      cited =        "2023-25-05"
    }

           @webpage{  eulist,
      key =          "eulist",
      author =       "eulist",
      title =        "EULiST- European Universities Linking Society and Technology",
      howpublished = "online",
      year =         "2023-25-05",
      url =          "https://eulist.university/",
      cited =        "2023-25-05"
    }

               @webpage{  edugainWikipedie,
      key =          "edugainWikipedie",
      author =       "wikipedia",
      title =        "eduGAIN",
      howpublished = "online",
      year =         "2023-25-05",
      url =          "https://en.wikipedia.org/wiki/EduGAIN",
      cited =        "2023-25-05"
    }

               @webpage{  edugain,
      key =          "edugain",
      author =       "eduGAIN",
      title =        "eduGAIN",
      howpublished = "online",
      year =         "2023-25-05",
      url =          "https://edugain.org/",
      cited =        "2023-25-05"
    }

                   @webpage{  eduid,
      key =          "eduid",
      author =       "cesnet",
      title =        "eduGAIN",
      howpublished = "online",
      year =         "2017-02-10",
      url =          "https://www.eduid.cz/",
      cited =        "2023-25-05"
    }

             @webpage{  simplesamlphpdoc,
      key =          "simplesamlphpdoc",
      author =       "simplesamlphp",
      title =        "SimpleSAMLphp Documentation",
      howpublished = "online",
      year =         "2023-25-05",
      url =          "https://simplesamlphp.org/docs/stable/index.html",
      cited =        "2023-25-05"
    }

                    @webpage{SimpleSAMLphp-instalation-and-configurationduid,
      key =          "SimpleSAMLphp-instalation-and-configuration",
      author =       "SimpleSAMLphp",
      title =        "SimpleSAMLphp Installation and Configuration",
      howpublished = "online",
      year =         "2023-25-05",
      url =          "https://simplesamlphp.org/docs/stable/simplesamlphp-install",
      cited =        "2023-25-05"
    }


                    @webpage{SimpleSAMLphp-Service-Provider-QuickStart,
      key =          "SimpleSAMLphp-Service-Provider-QuickStart",
      author =       "SimpleSAMLphp",
      title =        "SimpleSAMLphp Service Provider QuickStart",
      howpublished = "online",
      year =         "2023-25-05",
      url =          "https://simplesamlphp.org/docs/stable/simplesamlphp-sp",
      cited =        "2023-25-05"
    }

                    @webpage{Authentication-Processing-Filters-in-SimpleSAMLphp,
      key =          "Authentication-Processing-Filters-in-SimpleSAMLphp",
      author =       "SimpleSAMLphp",
      title =        "Authentication Processing Filters in SimpleSAMLphp",
      howpublished = "online",
      year =         "2023-25-05",
      url =          "https://simplesamlphp.org/docs/stable/simplesamlphp-authproc.html",
      cited =        "2023-25-05"
    }


    @webpage{wordpress,
      key =          "wordpress",
      author =       "WordPress Foundation",
      title =        "Wordpress",
      howpublished = "online",
      year =         "2023-25-05",
      url =          "https://wordpress.com/",
      cited =        "2023-25-05"
    }

    @webpage{ShibbolethSpWp,
      key =          "ShibbolethSpWp",
      author =       "Michael McNeill, Michael 芳貴 Erlewine, Will Norris",
      title =        "Shibboleth",
      howpublished = "online",
      year =         "2023-25-05",
      url =          "https://wordpress.org/plugins/shibboleth/",
      cited =        "2023-25-05"
    }

    @webpage{drupal,
      key =          "drupal",
      author =       "Drupal",
      title =        "Drupal",
      howpublished = "online",
      year =         "2023-25-05",
      url =          "https://www.drupal.org/",
      cited =        "2023-25-05"
    }

     @webpage{miniorange,
      key =          "miniorange",
      author =       "miniorange",
      title =        "Drupal",
      howpublished = "online",
      year =         "2023-25-05",
      url =          "https://plugins.miniorange.com/drupal",
      cited =        "2023-25-05"
    }



  @webpage{basicshib,
      key =          "basicshib",
      author =       "Athrylith, Iaha, Screenack",
      title =        "Basic Shibboleth Authentication",
      howpublished = "online",
      year =         "2023-25-05",
      url =          "https://www.drupal.org/",
      cited =        "2023-25-05"
    }


  @webpage{SimpleSAMLphpDrupal,
      key =          "SimpleSAMLphpDrupal",
      author =       "Geekwisdom, Japerry, Snufkin, Berdir",
      title =        "simpleSAMLphp Authentication",
      howpublished = "online",
      year =         "2023-25-05",
      url =          "https://www.drupal.org/project/simplesamlphp_auth",
      cited =        "2023-25-05"
    }